<record><leader>00000cas a22000007a 4500</leader><controlfield tag="001">9927074</controlfield><controlfield tag="008">830920d18631863nyuwr ne      0    0eng d</controlfield><datafield ind1=" " ind2=" " tag="010"><subfield code="a">sn 83031552 </subfield></datafield><datafield ind1=" " ind2=" " tag="040"><subfield code="a">NPU</subfield><subfield code="b">eng</subfield><subfield code="c">NPU</subfield><subfield code="d">NYS</subfield><subfield code="d">OCLCQ</subfield></datafield><datafield ind1=" " ind2=" " tag="042"><subfield code="a">msc</subfield></datafield><datafield ind1="0" ind2="0" tag="245"><subfield code="a">New-York State radii.</subfield></datafield><datafield ind1=" " ind2=" " tag="260"><subfield code="a">Canajoharie, N.Y. :</subfield><subfield code="b">Levi S. Backus</subfield></datafield><datafield ind1=" " ind2=" " tag="300"><subfield code="a">v. :</subfield><subfield code="b">ill. (chiefly advertisements) ;</subfield><subfield code="c">61 cm.</subfield></datafield><datafield ind1=" " ind2=" " tag="310"><subfield code="a">Weekly</subfield></datafield><datafield ind1="1" ind2=" " tag="362"><subfield code="a">Began in 1863; ceased in 1863?</subfield></datafield><datafield ind1=" " ind2=" " tag="500"><subfield code="a">"An independent family journal of general and local intelligence, agriculture, and miscellaneous news."</subfield></datafield><datafield ind1=" " ind2=" " tag="588"><subfield code="a">Description based on: Vol. 27, no. 1387 (Jan. 15, 1863) =New ser. v. 5, no. 35.</subfield></datafield><datafield ind1=" " ind2=" " tag="752"><subfield code="a">United States</subfield><subfield code="b">New York</subfield><subfield code="c">Montgomery</subfield><subfield code="d">Canajoharie.</subfield></datafield><datafield ind1="0" ind2="0" tag="785"><subfield code="t">New-York State radii and deaf-mutes journal</subfield><subfield code="w">(DLC)sn 83031553</subfield></datafield></record>